<?xml version="1.0" encoding="UTF-8"?><collection xmlns="http://www.loc.gov/MARC21/slim"><record><leader>00452nam--2200133-i-4500</leader><controlfield tag="001">000002078</controlfield><controlfield tag="002">20161230</controlfield><controlfield tag="005">20161230201024</controlfield><controlfield tag="008">060222s1000------------r-----000-0-eng-d</controlfield><datafield ind1=" " ind2=" " tag="080"><subfield code="a">621.315.626</subfield></datafield><datafield ind1=" " ind2=" " tag="100"><subfield code="a">Glozman, I.A</subfield></datafield><datafield ind1=" " ind2=" " tag="245"><subfield code="a">Fabricarea izolatorilor  de trecere cu ulei. pentru 110, 154 si 220 kv.traducere din lb. rusa.numai pentru uz intern si documentare</subfield></datafield><datafield ind1=" " ind2=" " tag="260"><subfield code="a">Bucuresti, Editura Energetica De Stat, 1952. 62 P. + 31 Fig</subfield></datafield><datafield ind1=" " ind2=" " tag="852"><subfield code="a">26060</subfield></datafield></record></collection>